@Article{step,
author = {А.А. Степанова Д.О. Птахов},
title = {Решётки конгруэнций полигонов},
journal = {Дальневосточный математический журнал},
year = {2013},
volume = {13},
number = {1},
pages = {107--115},
}

@Article{sachs,
author = {Sachs D.},
title = {Identities in finite partition lattices},
journal = {Proceedings of the American Mathematical Society},
volume = {12},
number = {6},
year = {1961},
pages = {944--945}
}

@Article{Pudlak,
author = {Pudlák P. Tuma J.},
title = {Every finite lattice can be embedded in the lattice of all equivalences over a finite set},
journal = {Algebra Universalis},
volume = {10},
year = {1980},
pages = {74--75}
}

@Article{hal1,
author = {А.Р. Халиуллина},
title = {Конгруэнции полигонов над полугруппами правых нулей},
journal = {Чебышевский сборник},
volume = {14},
number = {3},
year = {2013},
pages = {142--146}
}

@Article{hal3,
author = {А.Р. Халиуллина},
title = {Условия модулярности решётки конгруэнций полигонов над полугруппой правых или левых нулей},
journal = {Дальневосточный математический журнал},
volume = {15},
number = {1},
year = {2015},
pages = {102--120}
}

@Article{avdeev,
author = {Avdeyev A.Yu. Kozhukhov I.B.},
title = {Acts over Completely 0-Simple Semigroups},
journal = {Acta Cybernetica},
year = {2000},
OPTkey = {•},
volume = {14},
number = {4},
pages = {523--531},
OPTmonth = {•},
OPTnote = {•},
OPTannote = {•}
}

@Article{oehmke,
author = {Robert H. Oehmke},
title = {Right Congruences and Semisimplicity for Rees Matrix Semigroups},
journal = {Pacific Journal of Mathematics},
year = {1974},
volume = {54},
number = {2},
pages = {143--163}
}

@Article{rees1,
author = {David Rees},
title = {On semi-groups},
journal = {Proc. Cambridge. Math. Soc.},
year = {1940},
volume = {36},
number = {4},
pages = {387--400}
}

@Article{resh,
author = {И.Б. Кожухов А.В. Решетников},
title = {Алгебры, у которых все отношения эквивалентности являются конгруэнциями},
journal = {Фундамент. и прикл. матем.},
year = {2010},
OPTkey = {•},
volume = {16},
number = {3},
pages = {161--192},
OPTmonth = {•},
OPTnote = {•},
OPTannote = {•}
}

@Book{klip,
author = {Kilp M. and Knauer U. and Mikhalev A.V.},
ALTeditor = {•},
title = {Monoids, acts and categories},
publisher = {N.Y. -- Berlin, Walter de Gruyter},
year = {2000},
OPTkey = {•},
OPTvolume = {•},
OPTnumber = {•},
OPTseries = {•},
OPTaddress = {•},
OPTedition = {•},
OPTmonth = {•},
OPTnote = {•},
OPTannote = {•}
}

@Book{plotkin,
author = {Плоткин Б.И. Гринглаз Л.Я. Гварамия А.А.},
ALTeditor = {•},
title = {Элементы алгебраической теории автоматов},
publisher = {М., Высшая школа},
year = {1994},
OPTkey = {•},
OPTvolume = {•},
OPTnumber = {•},
OPTseries = {•},
OPTaddress = {•},
OPTedition = {•},
OPTmonth = {•},
OPTnote = {•},
OPTannote = {•}
}

@Book{kliff,
author = {Клиффорд А. Престон Г.},
title = {Алгебраическая теория полугрупп},
publisher = {М.:Мир},
year = {1964},
}

@Book{mal,
author = {Мальцев А.И.},
title = {Алгебраические системы},
publisher = {М.:Наука},
year = {1970}
}

@Proceedings{ivanovo,
author = {И.Б. Кожухов А.М. Пряничников},
title = {Полигоны с тождествами в решётке конгруэнций},
organization = {Ивановский государственный университет},
note = {Всероссийская конференция <<Алгебра и теория алгоритмов>>, 
посвящённая 100-летию факультета математики и компьютерных наук Ивановского 
государственного университета},
year = {2018},
month = {Март}
}

@Proceedings{kurosh_conf,
author = {И.Б. Кожухов А.М. Пряничников},
title = {Полигоны, у которых решётка конгруэнций удовлетворяет тождеству},
organization = {МГУ},
note = {Международная алгебраическая конференция посвящённая 110-летию со дня рождения профессора А.Г. Куроша},
year = {2018},
month = {Март}
}

@Proceedings{hal2,
author = {И.Б. Кожухов А.Р. Халиуллина},
organization = {МИЭТ},
title = {О решётке конгруэнций полигонов над прямоугольной связкой},
note = {Сборник научных трудов МИЭТ, посвящённый 70-летию профессора Алексея Сергеевича Поспелова},
year = {2016},
pages = {75--82}
}

@Proceedings{sitoni,
author = {И.Б. Кожухов А.М. Пряничников},
title = {О конгруэнциях полигонов над прямоугольными связками},
organization = {Донецкий национальный технический университет},
note = {Материалы V международной научно-технической конференции <<Современные информационные технологии в образовании и научных исследованиях>> СИТОНИ-2017},
year = {2017},
month = {Ноябрь}
}

@Proceedings{tulaconf,
author = {А.М. Пряничников},
title = {Алгоритм построения решётки конгруэнций полигона},
month = {Май},
note = {Материалы XV Международной конференции Алгебра, теория чисел и дискретная геометрия: современные проблемы и приложения, посвящённой столетию со дня рождения профессора Николая Михайловича Коробова},
organization = {Тульский государственный педагогический университет},
year = {2018}
}

@Book{jipsen,
author = {Jipsen P. Rose H.},
title = {Varieties of lattices},
series = {Lecture Notes in Mathematics},
publisher = {Springer -- Verlag},
volume = {1533},
year = {1992}
}

@Book{kon,
author = {Кон П.},
title = {Универсальная алгебра},
publisher = {М.:Мир},
year = {1969}
}

@Book{gretz,
author = {George Gratzer},
title = {Lattice Theory: Foundation},
publisher = {Birkhauser},
year = {2011}
}

@Book{skorn,
author = {Скорняков Л.А.},
title = {Элементы теории структур},
publisher = {М.: Наука},
year = {1970}
}

@Book{birkg,
author = {Биркгоф Г.},
title = {Теория решёток},
publisher = {М.:Наука},
year = {1984}
}

